@inproceedings{meyers2004nombank,
  title     = {The NomBank project: An interim report},
  author    = {Meyers, Adam and Reeves, Ruth and Macleod, Catherine and Szekely, Rachel and Zielinska, Veronika and Young, Brian and Grishman, Ralph},
  booktitle = {Proceedings of the workshop frontiers in corpus annotation at hlt-naacl 2004},
  pages     = {24--31},
  year      = {2004}
}

@article{devlin2018bert,
  title   = {Bert: Pre-training of deep bidirectional transformers for language understanding},
  author  = {Devlin, Jacob and Chang, Ming-Wei and Lee, Kenton and Toutanova, Kristina},
  journal = {arXiv preprint arXiv:1810.04805},
  year    = {2018}
}

@article{sanh2019distilbert,
  title   = {DistilBERT, a distilled version of BERT: smaller, faster, cheaper and lighter},
  author  = {Sanh, Victor and Debut, Lysandre and Chaumond, Julien and Wolf, Thomas},
  journal = {arXiv preprint arXiv:1910.01108},
  year    = {2019}
}

@inproceedings{jiang2006semantic,
  title     = {Semantic role labeling of NomBank: A maximum entropy approach},
  author    = {Jiang, Zheng Ping and Ng, Hwee Tou},
  booktitle = {Proceedings of the 2006 Conference on Empirical Methods in Natural Language Processing},
  pages     = {138--145},
  year      = {2006}
}

@article{ping2006investigations,
  title  = {Investigations into semantic role labeling of propbank and nombank},
  author = {Ping, Jiang Zheng},
  year   = {2006}
}

@inproceedings{bucilua2006model,
  title     = {Model compression},
  author    = {Buciluǎ, Cristian and Caruana, Rich and Niculescu-Mizil, Alexandru},
  booktitle = {Proceedings of the 12th ACM SIGKDD international conference on Knowledge discovery and data mining},
  pages     = {535--541},
  year      = {2006}
}

@article{hinton2015distilling,
  title   = {Distilling the knowledge in a neural network},
  author  = {Hinton, Geoffrey and Vinyals, Oriol and Dean, Jeff and others},
  journal = {arXiv preprint arXiv:1503.02531},
  volume  = {2},
  number  = {7},
  year    = {2015}
}

@article{collobert2011natural,
  title   = {Natural language processing (almost) from scratch},
  author  = {Collobert, Ronan and Weston, Jason and Bottou, L{\'e}on and Karlen, Michael and Kavukcuoglu, Koray and Kuksa, Pavel},
  journal = {Journal of machine learning research},
  volume  = {12},
  number  = {ARTICLE},
  pages   = {2493--2537},
  year    = {2011}
}

@inproceedings{he2017deep,
  title     = {Deep semantic role labeling: What works and what’s next},
  author    = {He, Luheng and Lee, Kenton and Lewis, Mike and Zettlemoyer, Luke},
  booktitle = {Proceedings of the 55th Annual Meeting of the Association for Computational Linguistics (Volume 1: Long Papers)},
  pages     = {473--483},
  year      = {2017}
}

@article{csahin2018character,
  title   = {Character-level models versus morphology in semantic role labeling},
  author  = {{\c{S}}ahin, G{\"o}zde G{\"u}l and Steedman, Mark},
  journal = {arXiv preprint arXiv:1805.11937},
  year    = {2018}
}

@article{marcheggiani2017encoding,
  title   = {Encoding sentences with graph convolutional networks for semantic role labeling},
  author  = {Marcheggiani, Diego and Titov, Ivan},
  journal = {arXiv preprint arXiv:1703.04826},
  year    = {2017}
}

@article{strubell2018linguistically,
  title   = {Linguistically-informed self-attention for semantic role labeling},
  author  = {Strubell, Emma and Verga, Patrick and Andor, Daniel and Weiss, David and McCallum, Andrew},
  journal = {arXiv preprint arXiv:1804.08199},
  year    = {2018}
}

@article{wolf2019huggingface,
  title   = {Huggingface's transformers: State-of-the-art natural language processing},
  author  = {Wolf, Thomas and Debut, Lysandre and Sanh, Victor and Chaumond, Julien and Delangue, Clement and Moi, Anthony and Cistac, Pierric and Rault, Tim and Louf, R{\'e}mi and Funtowicz, Morgan and others},
  journal = {arXiv preprint arXiv:1910.03771},
  year    = {2019}
}

@article{berger1996maximum,
  title   = {A maximum entropy approach to natural language processing},
  author  = {Berger, Adam and Della Pietra, Stephen A and Della Pietra, Vincent J},
  journal = {Computational linguistics},
  volume  = {22},
  number  = {1},
  pages   = {39--71},
  year    = {1996}
}
